@MISC{ref:mutdr, NOTE = "
  The CMS Collaboration, The Muon Project TDR,
           CERN/LHCC 97-32, CMS TDR 3, 
           15 December 1997.
"}

@MISC{ref:jinst, NOTE = "
  The CMS Collaboration, S.~Chatrchyan \etal,
  The CMS experiment at the CERN LHC, 
  JINST 3, S08004 (2008).
"}

@MISC{ref:trig_tdr, NOTE = "
  The CMS Collaboration, The L1 Trigger TDR,
           CERN/LHCC 2000-38, CMS TDR 6.1, 
           15 December 2000          
"}

%@MISC{pippo, NOTE = "
%    {\tt https://twiki.cern.ch/twiki/bin/view/CMS/SWGuideCandCombiner}
%"}%
%
%@MISC{Dittmar, NOTE = "
%  M.~Dittmar, F.~Pauss and D.~Zurcher, 
%           Phys. Rev. D56, 7284-7290 (1997).
%"}
%
%@MISC{Frixione, NOTE = "
%  S.~Frixione and M.L.~Mangano, JHEP 0405:056 (2004)
%"}
%
%@MISC{PYTHIA, NOTE = "
%  {\protect T.~Sj\"ostrand, L.~L\"onnblad and S.~Mrenna, 
%           ``PYTHIA 6.2: Physics and manual'', arXiv:hep-ph/0108264.}
%"}%
%
%@MISC{MCNLO, NOTE = "
%  S.~Frixione and B.R.~Webber,
%           ``The MC@NLO 3.2 Event Generator'', CERN-PH-TH/2006-012 (2006).
%"}
%
%@MISC{HERWIG, NOTE = "
%  HERWIG Home page: 
%            http://hepwww.rl.ac.uk/theory/seymour/herwig/, 
%               version 6.510 is used  
%"}
%
%@MISC{CTEQ, NOTE = "
%  J.~Pumplin \etal, JHEP 0207:012 and 
%           arXiv:hep-ph/0201195 (2002).
%"}%
%
%@MISC{MRST, NOTE = "
%  R.S.~Thorne \etal, Acta Phys.Polon. B33 (2002) 2927-2932
%           and arXiv:hep-ph/0207067 (2002)
%"}
%
%@MISC{LHAPDF, NOTE = "
%  Les Houches Accord PDF Interface: 
%            http://hepforge.cedar.ac.uk/lhapdf
%"}%%
%
%@MISC{RESBOS, NOTE = "
%  C.~Balazs, C.P.~Yuan, Phys. Rev. D56 (1997) 5558-5583
%"}
%
%@MISC{HORACE, NOTE = "
%  C.M.~Carloni~Calame \etal, Phys.Rev. D69 (2004) 037301
%"}%
%
%@MISC{TopRex, NOTE = "
%  S.R.~Slabospitsky and L.~Sonnenschein,   Comput. Phys. Commun. 148 (2002) 87
%"}%
%
%@MISC{HLTreport, NOTE = "
%  D.~Acosta \etal, CMS High Level Trigger, CMS AN 2007/009
%"}%
%
%@MISC{Matt_private, NOTE = "
%  M.~LeBourgeois, private communication, 
%{\tt http://indico.cern.ch/conferenceDisplay.py?confId=20377}
%"}
%
%@MISC{uf_isol_note, NOTE = "
%  CMS NOTE 2006/033
%"}%
%
%@MISC{PTDR, NOTE = "
%  The CMS Collaboration, A.~Ball \etal, J. Phys. G34 (2007) 995-1579.
%"}%
%
%@MISC{dixon2003, NOTE = "
%  C.~Anastasiou \etal, Phys.Rev. D69 (2004) 094008
%"}%
%
%@MISC{martin, NOTE = "
%  A.D.~Martin \etal,  Eur.Phys.J. C18 (2000) 117-126
%"}
%
%@MISC{FEWZ, NOTE = "
%   K.~Melnikov , F.~Petriello, Phys. Rev. D74 (2006) 114017
%"}
%
%@MISC{MADGRAPH, NOTE = "
%  MADGRAPH refs
%"}
%
%@MISC{PHOTOS, NOTE = "
%  P.~Golonka and Z.~Was, Eur. Phys. J. C45 (2006) 97
%"}
%
%@MISC{EWK-07-002, NOTE = "
%  The CMS Collaboration, Towards a measurement of the inclusive $\Wmn$ and
%$\Zmm$ cross sections in pp collisions at $\rts = 14 \TeV$, CMS PAS 2007/002 
%"}
